<?xml version="1.0" encoding="UTF-8"?><collection xmlns="http://www.loc.gov/MARC21/slim"><record><leader>00543nam--2200181-i-4500</leader><controlfield tag="001">000046903</controlfield><controlfield tag="002">20161230</controlfield><controlfield tag="005">20170207133848</controlfield><controlfield tag="008">060222s1000------------r-----000-0-eng-d</controlfield><datafield ind1=" " ind2=" " tag="040"><subfield code="a">IFIN-HH</subfield></datafield><datafield ind1=" " ind2=" " tag="080"><subfield code="a">539.12:537.6</subfield></datafield><datafield ind1="1" ind2=" " tag="100"><subfield code="a">Vonsovski, S. V</subfield></datafield><datafield ind1="1" ind2="0" tag="245"><subfield code="a">Magnetism of elementary particles</subfield><subfield code="b">Translated from the Russian by O.A. Germogenova</subfield><subfield code="c">S.V. Vonsovski</subfield></datafield><datafield ind1=" " ind2=" " tag="260"><subfield code="a">Moscow</subfield><subfield code="b">Mir</subfield><subfield code="c">1973</subfield></datafield><datafield ind1=" " ind2=" " tag="300"><subfield code="a">295 p</subfield></datafield><datafield ind1=" " ind2=" " tag="500"><subfield code="a">Titlul Original In Limba Rusa: Magnetism Mikroceastit</subfield></datafield><datafield ind1=" " ind2=" " tag="852"><subfield code="a">77378</subfield><subfield code="c">539.12</subfield></datafield><datafield ind1=" " ind2=" " tag="CAT"><subfield code="a">SYS</subfield><subfield code="c">20170207</subfield><subfield code="h">133848</subfield></datafield></record></collection>